 % dokumentacja react-native
% api warszawy
% react-native-maps
% biuletyn ztm ze statystykami
% react-native-config

@manual{REACT,
  title="Dokumentacja React-Native",
  organization="Facebook",
  address="\href{https://facebook.github.io/react-native/docs}{\texttt{https://facebook.github.io/react-native/docs}}",
  note="(dostęp: 21.01.2020)",
}
@manual{APIWARSZAWA,
  title="Otwarte dane",
  organization="m.st. Warszawa",
  address="\href{https://api.um.warszawa.pl/}{\texttt{https://api.um.warszawa.pl/}}",
  note="(dostęp: 21.01.2020)",
}
@manual{REACTMAPS,
  title="Moduł react-native-maps",
  author="Wiele autorów",
  address="\href{https://github.com/react-native-community/react-native-maps}{\texttt{https://github.com/react-native-community/react-native-maps}}",
  note="(dostęp: 21.01.2020)",
}
@manual{REACTCONFIG,
  title="Moduł react-native-config",
  author="Wiele autorów",
  address="\href{https://github.com/luggit/react-native-config}{\texttt{https://github.com/luggit/react-native-config}}",
  note="(dostęp: 21.01.2020)",
}
@techreport{ZTMSTATS,
  author="",
  title="Informator statystyczny",
  institution="Zarząd Transportu Miejskiego w Warszawie",
  year=2019,
  month="Sierpień",
  address="\href{https://www.ztm.waw.pl/statystyki/}{\texttt{https://www.ztm.waw.pl/statystyki/}} | sierpień 2019",
  note="(dostęp: 21.01.2020)",
}